@article{小龙刘2024人工智能和大数据技术在自动驾驶中的应用,
	title={人工智能和大数据技术在自动驾驶中的应用},
	author={小龙刘},
	journal={大数据与人工智能},
	volume={5},
	number={6},
	pages={7--9},
	year={2024}
}
@article{方韶剑2024基于深度学习的智能自动驾驶无人机技术分析,
	title={基于深度学习的智能自动驾驶无人机技术分析},
	author={方韶剑},
	journal={电子技术},
	number={6},
	pages={268-269},
	year={2024},
}
@article{覃熊艳2024关于,
	title={关于AI大模型在自动驾驶中的应用研究},
	author={覃熊艳 and 张雄飞 and 张剑平},
	journal={汽车与驾驶维修},
	number={003},
	pages={000},
	year={2024},
}
@article{马帅2024基于深度学习的汽车自动驾驶控制系统测试方法研究,
	title={基于深度学习的汽车自动驾驶控制系统测试方法研究},
	author={马帅},
	journal={汽车测试报告},
	number={4},
	pages={35-37},
	year={2024},
}
@article{赵恩波　于家旺　王晓鹏　曲强2023深度学习在自动驾驶汽车中的应用,
	title={深度学习在自动驾驶汽车中的应用},
	author={赵恩波　于家旺　王晓鹏　曲强},
	year={2023},
}
@article{韩胜明2023深度强化学习在自动驾驶系统中的应用综述,
	title={深度强化学习在自动驾驶系统中的应用综述},
	author={韩胜明 and 肖芳 and 程纬森},
	journal={西华大学学报:自然科学版},
	volume={42},
	number={4},
	pages={25-31},
	year={2023},
}
@phdthesis{魏兆吉2021端到端免模型深度强化学习在自动驾驶中的应用研究,
	title={端到端免模型深度强化学习在自动驾驶中的应用研究},
	author={魏兆吉},
	school={东北大学},
	year={2021},
}
@phdthesis{梁恩云2022面向自动驾驶仿真测试的数字孪生场景交互研究与实现,
	title={面向自动驾驶仿真测试的数字孪生场景交互研究与实现},
	author={梁恩云},
	school={广东工业大学},
	year={2022},
}
@article{文谢2023基于数字孪生的汽车自动驾驶仿真测试方法,
	title={基于数字孪生的汽车自动驾驶仿真测试方法},
	author={文谢},
	journal={信息与电脑},
	volume={35},
	number={15},
	pages={61-63},
	year={2023},
}
@article{彭博2023基于数字孪生的虚拟仿真系统研究与应用,
	title={基于数字孪生的虚拟仿真系统研究与应用},
	author={彭博 and 袁三男 and 沃煜敏},
	journal={计算机测量与控制},
	volume={31},
	number={10},
	pages={166-173},
	year={2023},
}
@article{李文娜2024自动驾驶汽车闯红灯预警数字孪生道路测试,
	title={自动驾驶汽车闯红灯预警数字孪生道路测试},
	author={李文娜 and 王立超 and 唐帅},
	journal={汽车维修技师},
	number={10},
	pages={9-9},
	year={2024},
}
@article{杨海清2024仿真测试在自动驾驶系统开发中的重要性,
	title={仿真测试在自动驾驶系统开发中的重要性},
	author={杨海清 and 余自洋 and 张通 and 阚俊峰},
	journal={时代汽车},
	number={1},
	pages={4-6},
	year={2024},
}
@article{杨海清2024仿真测试在自动驾驶系统开发中的重要性,
	title={仿真测试在自动驾驶系统开发中的重要性},
	author={杨海清 and 余自洋 and 张通 and 阚俊峰},
	journal={时代汽车},
	number={1},
	pages={4-6},
	year={2024},
}
@article{田常青2024基于转鼓,
	title={基于转鼓/制动试验平台的自动驾驶整车在环虚拟仿真测试系统设计},
	author={田常青},
	journal={汽车工程师},
	number={6},
	year={2024},
}
@article{高驰2023智能工厂,
	title={智能工厂,自动驾驶,预测维护…… 数字孪生技术正在汽车行业加速应用},
	author={高驰},
	journal={汽车与配件},
	number={11},
	pages={52-52},
	year={2023},
}