@book{knuth1984texbook,
  title={The texbook},
  author={Knuth, Donald Ervin and Bibby, Duane},
  volume={15},
  year={1984},
  publisher={Addison-Wesley Reading}
}
@book{lamport1994latex,
  title={LATEX: a document preparation system: user's guide and reference manual},
  author={Lamport, Leslie},
  year={1994},
  publisher={Addison-wesley}
}
@article{pritchard1969statistical,
  title={Statistical bibliography or bibliometrics},
  author={Pritchard, Alan and others},
  journal={Journal of documentation},
  volume={25},
  number={4},
  pages={348--349},
  year={1969},
  publisher={New York}
}
@article{Pawlak1982Rough,
  title={Rough sets},
  author={Pawlak, Zdzisław},
  journal={International Journal of Computer and Information Sciences},
  volume={11},
  number={5},
  pages={341-356},
  year={1982},
}
@misc{openhutb2025,
  author       = {OpenHutB},
  title        = {CARLA 行人导航教程[EB/OL]},
  howpublished = {\url{https://openhutb.github.io/carla_doc/tuto_G_pedestrian_navigation/}},
  year         = {2025},
  note         = {访问日期: 2025-04-27}
}
@misc{csdn2023carla,
  author       = {CSDN 博客},
  title        = {Carla 行人模型介绍与使用[EB/OL]},
  howpublished = {\url{https://blog.csdn.net/weixin_44983780/article/details/137682087?ops_request_misc=&request_id=&biz_id=102&utm_term=carla%E8%A1%8C%E4%BA%BA%E6%A8%A1%E6%8B%9F&utm_medium=distribute.pc_search_result.none-task-blog-2~all~sobaiduweb~default-0-137682087.142\^v102\^control&spm=1018.2226.3001.4187}},
  year         = {2023},
  note         = {访问日期: 2025-04-27}
}
