@inproceedings{bau2017network,
	title={Network dissection: Quantifying interpretability of deep visual representations},
	author={Bau, David and Zhou, Bolei and Khosla, Aditya and Oliva, Aude and Torralba, Antonio},
	booktitle={Proceedings of the IEEE conference on computer vision and pattern recognition},
	pages={6541--6549},
	year={2017}
}
@article{ramachandram2017deep,
	title={Deep multimodal learning: A survey on recent advances and trends},
	author={Ramachandram, Dhanesh and Taylor, Graham W},
	journal={IEEE signal processing magazine},
	volume={34},
	number={6},
	pages={96--108},
	year={2017},
	publisher={IEEE}
}
@article{dicarlo2012does,
	title={How does the brain solve visual object recognition?},
	author={DiCarlo, James J and Zoccolan, Davide and Rust, Nicole C},
	journal={Neuron},
	volume={73},
	number={3},
	pages={415--434},
	year={2012},
	publisher={Elsevier}
}
@article{kubilius2019brain,
	title={Brain-like object recognition with high-performing shallow recurrent ANNs},
	author={Kubilius, Jonas and Schrimpf, Martin and Kar, Kohitij and Rajalingham, Rishi and Hong, Ha and Majaj, Najib and Issa, Elias and Bashivan, Pouya and Prescott-Roy, Jonathan and Schmidt, Kailyn and others},
	journal={Advances in neural information processing systems},
	volume={32},
	year={2019}
}
@article{schrimpf2018brain,
	title={Brain-score: Which artificial neural network for object recognition is most brain-like?},
	author={Schrimpf, Martin and Kubilius, Jonas and Hong, Ha and Majaj, Najib J and Rajalingham, Rishi and Issa, Elias B and Kar, Kohitij and Bashivan, Pouya and Prescott-Roy, Jonathan and Geiger, Franziska and others},
	journal={BioRxiv},
	pages={407007},
	year={2018},
	publisher={Cold Spring Harbor Laboratory}
}
@article{yamins2014performance,
	title={Performance-optimized hierarchical models predict neural responses in higher visual cortex},
	author={Yamins, Daniel LK and Hong, Ha and Cadieu, Charles F and Solomon, Ethan A and Seibert, Darren and DiCarlo, James J},
	journal={Proceedings of the national academy of sciences},
	volume={111},
	number={23},
	pages={8619--8624},
	year={2014},
	publisher={National Academy of Sciences}
}
@article{kubilius2018cornet,
	title={Cornet: Modeling the neural mechanisms of core object recognition},
	author={Kubilius, Jonas and Schrimpf, Martin and Nayebi, Aran and Bear, Daniel and Yamins, Daniel LK and DiCarlo, James J},
	journal={BioRxiv},
	pages={408385},
	year={2018},
	publisher={Cold Spring Harbor Laboratory}
}
@article{jetley2018learn,
	title={Learn to pay attention},
	author={Jetley, Saumya and Lord, Nicholas A and Lee, Namhoon and Torr, Philip HS},
	journal={arXiv preprint arXiv:1804.02391},
	year={2018}
}
@inproceedings{hu2018squeeze,
	title={Squeeze-and-excitation networks},
	author={Hu, Jie and Shen, Li and Sun, Gang},
	booktitle={Proceedings of the IEEE conference on computer vision and pattern recognition},
	pages={7132--7141},
	year={2018}
}
@inproceedings{woo2018cbam,
	title={Cbam: Convolutional block attention module},
	author={Woo, Sanghyun and Park, Jongchan and Lee, Joon-Young and Kweon, In So},
	booktitle={Proceedings of the European conference on computer vision (ECCV)},
	pages={3--19},
	year={2018}
}
@article{nayebi2018task,
	title={Task-driven convolutional recurrent models of the visual system},
	author={Nayebi, Aran and Bear, Daniel and Kubilius, Jonas and Kar, Kohitij and Ganguli, Surya and Sussillo, David and DiCarlo, James J and Yamins, Daniel L},
	journal={Advances in neural information processing systems},
	volume={31},
	year={2018}
}
@article{zeng2023braincog,
	title={Braincog: A spiking neural network based, brain-inspired cognitive intelligence engine for brain-inspired ai and brain simulation},
	author={Zeng, Yi and Zhao, Dongcheng and Zhao, Feifei and Shen, Guobin and Dong, Yiting and Lu, Enmeng and Zhang, Qian and Sun, Yinqian and Liang, Qian and Zhao, Yuxuan and others},
	journal={Patterns},
	volume={4},
	number={8},
	year={2023},
	publisher={Elsevier}
}
@article{曾国叙2021ncc,
	title={NCC 特征匹配的类脑视觉识别记忆算法},
	author={曾国叙 and 吴德伟 and 代传金},
	journal={信号处理},
	volume={37},
	number={5},
	pages={780--787},
	year={2021},
	publisher={《 信号处理》 编辑部}
}
@article{ DNBC202503043,
	author = { 张伟 },
	title = {基于NCC特征匹配的类脑视觉识别记忆算法},
	journal = {电脑编程技巧与维护},
	volume = {},
	number = {03},
	pages = {151-153},
	year = {2025},
	issn = {1006-4052},
	doi = {10.16184/j.cnki.comprg.2025.03.039}
}
@article{刘建立2019视觉审美体验的类脑计算模型研究进展,
	title={视觉审美体验的类脑计算模型研究进展},
	author={刘建立 and 张剑心},
	journal={计算机工程与应用},
	volume={55},
	number={16},
	pages={18--24},
	year={2019}
}
@mastersthesis { 1022019566.nh,
	author = { 魏楚洁 },
	title = {类脑视觉编码机制的研究及应用},
	school = {杭州电子科技大学},
	year = {2022}
}
@article{刘建伟2020多模态深度学习综述,
	title={多模态深度学习综述.},
	author={刘建伟 and 丁熙浩 and 罗雄麟},
	journal={Application Research of Computers/Jisuanji Yingyong Yanjiu},
	volume={37},
	number={6},
	year={2020}
}
@inproceedings{bau2017network,
	title={Network dissection: Quantifying interpretability of deep visual representations},
	author={Bau, David and Zhou, Bolei and Khosla, Aditya and Oliva, Aude and Torralba, Antonio},
	booktitle={Proceedings of the IEEE conference on computer vision and pattern recognition},
	pages={6541--6549},
	year={2017}
}
@article{kanwisher2010functional,
	title={Functional specificity in the human brain: a window into the functional architecture of the mind},
	author={Kanwisher, Nancy},
	journal={Proceedings of the national academy of sciences},
	volume={107},
	number={25},
	pages={11163--11170},
	year={2010},
	publisher={National Academy of Sciences}
}
@article{yamins2016using,
	title={Using goal-driven deep learning models to understand sensory cortex},
	author={Yamins, Daniel LK and DiCarlo, James J},
	journal={Nature neuroscience},
	volume={19},
	number={3},
	pages={356--365},
	year={2016},
	publisher={Nature Publishing Group}
}
@article{wyatte2014early,
	title={Early recurrent feedback facilitates visual object recognition under challenging conditions},
	author={Wyatte, Dean and Jilk, David J and O'Reilly, Randall C},
	journal={Frontiers in psychology},
	volume={5},
	pages={674},
	year={2014},
	publisher={Frontiers Media SA}
}
@article{bastos2012canonical,
	title={Canonical microcircuits for predictive coding},
	author={Bastos, Andre M and Usrey, W Martin and Adams, Rick A and Mangun, George R and Fries, Pascal and Friston, Karl J},
	journal={Neuron},
	volume={76},
	number={4},
	pages={695--711},
	year={2012},
	publisher={Elsevier}
}
@article{kar2019evidence,
	title={Evidence that recurrent circuits are critical to the ventral stream’s execution of core object recognition behavior},
	author={Kar, Kohitij and Kubilius, Jonas and Schmidt, Kailyn and Issa, Elias B and DiCarlo, James J},
	journal={Nature neuroscience},
	volume={22},
	number={6},
	pages={974--983},
	year={2019},
	publisher={Nature Publishing Group US New York}
}
@article{carrasco2011visual,
	title={Visual attention: The past 25 years},
	author={Carrasco, Marisa},
	journal={Vision research},
	volume={51},
	number={13},
	pages={1484--1525},
	year={2011},
	publisher={Elsevier}
}
@article{hair2019use,
	title={When to use and how to report the results of PLS-SEM},
	author={Hair, Joseph F and Risher, Jeffrey J and Sarstedt, Marko and Ringle, Christian M},
	journal={European business review},
	volume={31},
	number={1},
	pages={2--24},
	year={2019},
	publisher={Emerald Publishing Limited}
}
@article{le2015tiny,
	title={Tiny imagenet visual recognition challenge},
	author={Le, Yann and Yang, Xuan},
	journal={CS 231N},
	volume={7},
	number={7},
	pages={3},
	year={2015}
}
@inproceedings{mao2023cross,
	title={Cross-entropy loss functions: Theoretical analysis and applications},
	author={Mao, Anqi and Mohri, Mehryar and Zhong, Yutao},
	booktitle={International conference on Machine learning},
	pages={23803--23828},
	year={2023},
	organization={PMLR}
}
@techreport{sutskever2013importance,
	title={On the importance of initialization and momentum in deep learning. ICML’13},
	author={Sutskever, Ilya and Martens, James and Dahl, George and Hinton, Geoffrey},
	year={2013},
	institution={pages III--1139--III--1147. JMLR. org}
}
@article{paszke2019pytorch,
	title={Pytorch: An imperative style, high-performance deep learning library},
	author={Paszke, A},
	journal={arXiv preprint arXiv:1912.01703},
	year={2019}
}
@inproceedings{wang2020eca,
	title={ECA-Net: Efficient channel attention for deep convolutional neural networks},
	author={Wang, Qilong and Wu, Banggu and Zhu, Pengfei and Li, Peihua and Zuo, Wangmeng and Hu, Qinghua},
	booktitle={Proceedings of the IEEE/CVF conference on computer vision and pattern recognition},
	pages={11534--11542},
	year={2020}
}
@inproceedings{he2016deep,
	title={Deep residual learning for image recognition},
	author={He, Kaiming and Zhang, Xiangyu and Ren, Shaoqing and Sun, Jian},
	booktitle={Proceedings of the IEEE conference on computer vision and pattern recognition},
	pages={770--778},
	year={2016}
}
@article{majaj2015simple,
	title={Simple learned weighted sums of inferior temporal neuronal firing rates accurately predict human core object recognition performance},
	author={Majaj, Najib J and Hong, Ha and Solomon, Ethan A and DiCarlo, James J},
	journal={Journal of Neuroscience},
	volume={35},
	number={39},
	pages={13402--13418},
	year={2015},
	publisher={Society for Neuroscience}
}
@article{rajalingham2018large,
	title={Large-scale, high-resolution comparison of the core visual object recognition behavior of humans, monkeys, and state-of-the-art deep artificial neural networks},
	author={Rajalingham, Rishi and Issa, Elias B and Bashivan, Pouya and Kar, Kohitij and Schmidt, Kailyn and DiCarlo, James J},
	journal={Journal of Neuroscience},
	volume={38},
	number={33},
	pages={7255--7269},
	year={2018},
	publisher={Society for Neuroscience}
}
