@inproceedings{viola2001rapid,
  author    = {Paul Viola and Michael Jones},
  title     = {Rapid object detection using a boosted cascade of simple features},
  booktitle = {Proceedings of the 2001 IEEE Computer Society Conference on Computer Vision and Pattern Recognition (CVPR)},
  year      = {2001},
  volume    = {1},
  pages     = {I--I},
  publisher = {IEEE}
}

@inproceedings{dalal2005histograms,
  author    = {Navneet Dalal and Bill Triggs},
  title     = {Histograms of oriented gradients for human detection},
  booktitle = {2005 IEEE Computer Society Conference on Computer Vision and Pattern Recognition (CVPR)},
  year      = {2005},
  volume    = {1},
  pages     = {886--893},
  publisher = {IEEE}
}

@article{felzenszwalb2009object,
  author    = {Pedro F. Felzenszwalb and Ross B. Girshick and David McAllester and Deva Ramanan},
  title     = {Object detection with discriminatively trained part-based models},
  journal   = {IEEE Transactions on Pattern Analysis and Machine Intelligence},
  volume    = {32},
  number    = {9},
  pages     = {1627--1645},
  year      = {2009}
}

@inproceedings{girshick2014rich,
  author    = {Ross Girshick and Jeff Donahue and Trevor Darrell and Jitendra Malik},
  title     = {Rich feature hierarchies for accurate object detection and semantic segmentation},
  booktitle = {Proceedings of the IEEE Conference on Computer Vision and Pattern Recognition (CVPR)},
  year      = {2014},
  pages     = {580--587}
}

@article{uijlings2013selective,
  author    = {Jasper R. R. Uijlings and Koen E. A. Van De Sande and Theo Gevers and Arnold W. M. Smeulders},
  title     = {Selective search for object recognition},
  journal   = {International Journal of Computer Vision},
  volume    = {104},
  pages     = {154--171},
  year      = {2013}
}

@inproceedings{girshick2015fast,
  author    = {Ross Girshick},
  title     = {Fast R-CNN},
  booktitle = {Proceedings of the IEEE International Conference on Computer Vision (ICCV)},
  year      = {2015},
  pages     = {1440--1448}
}

@article{ren2015faster,
  author    = {Shaoqing Ren and Kaiming He and Ross Girshick and Jian Sun},
  title     = {Faster R-CNN: Towards real-time object detection with region proposal networks},
  journal   = {Advances in Neural Information Processing Systems (NIPS)},
  volume    = {28},
  year      = {2015}
}

@inproceedings{he2017mask,
  author    = {Kaiming He and Georgia Gkioxari and Piotr Doll{\'a}r and Ross Girshick},
  title     = {Mask R-CNN},
  booktitle = {Proceedings of the IEEE International Conference on Computer Vision (ICCV)},
  year      = {2017},
  pages     = {2961--2969}
}

@inproceedings{cai2018cascade,
  author    = {Zhaowei Cai and Nuno Vasconcelos},
  title     = {Cascade R-CNN: Delving into high-quality object detection},
  booktitle = {Proceedings of the IEEE Conference on Computer Vision and Pattern Recognition (CVPR)},
  year      = {2018},
  pages     = {6154--6162}
}

@inproceedings{bewley2016simple,
  author    = {Alex Bewley and Zongyuan Ge and Lionel Ott and others},
  title     = {Simple online and real-time tracking},
  booktitle = {2016 IEEE International Conference on Image Processing (ICIP)},
  year      = {2016},
  pages     = {3464--3468},
  publisher = {IEEE}
}

@inproceedings{wojke2017simple,
  author    = {Nikolai Wojke and Alex Bewley and Dietrich Paulus},
  title     = {Simple online and real-time tracking with a deep association metric},
  booktitle = {2017 IEEE International Conference on Image Processing (ICIP)},
  year      = {2017},
  pages     = {3645--3649},
  publisher = {IEEE}
}

@incollection{yu2016poi,
  author    = {Fisher Yu and Wenqiang Li and Qihang Li and others},
  title     = {POI: Multiple object tracking with high performance detection and appearance feature},
  booktitle = {Computer Vision -- ECCV 2016 Workshops},
  editor    = {Gang Hua and Herv{\'e} J{\'e}gou},
  series    = {Lecture Notes in Computer Science},
  volume    = {9914},
  pages     = {36--42},
  year      = {2016},
  publisher = {Springer International Publishing}
}

@inproceedings{szegedy2015going,
  author    = {Szegedy, Christian and Liu, Wei and Jia, Yangqing and others},
  title     = {Going deeper with convolutions},
  booktitle = {Proceedings of the IEEE Conference on Computer Vision and Pattern Recognition},
  year      = {2015},
  pages     = {1--9}
}

@article{sun2019deep,
  author    = {Sun, Shao Jie and Akhtar, Naseer and Song, Huan Shan and others},
  title     = {Deep affinity network for multiple object tracking},
  journal   = {IEEE Transactions on Pattern Analysis and Machine Intelligence},
  year      = {2019},
  volume    = {43},
  number    = {1},
  pages     = {104--119}
}

@inproceedings{chen2018real,
  author    = {Chen, Liang and others},
  title     = {Real-time multiple people tracking with deeply learned candidate selection and person re-identification},
  booktitle = {2018 IEEE International Conference on Multimedia and Expo (ICME)},
  year      = {2018},
  publisher = {IEEE}
}

@article{zhang2021fairmot,
  author    = {Zhang, Yifu and Wang, Chaoqun and Wang, Xiaogang and others},
  title     = {FairMOT: On the fairness of detection and re-identification in multiple object tracking},
  journal   = {International Journal of Computer Vision},
  year      = {2021},
  volume    = {129},
  pages     = {3069--3087}
}

@article{liang2022rethinking,
  author    = {Liang, Cheng and Zhang, Zheng and Zhou, Xiang and others},
  title     = {Rethinking the competition between detection and ReID in multi-object tracking},
  journal   = {IEEE Transactions on Image Processing},
  year      = {2022},
  volume    = {31},
  pages     = {3182--3196}
}

@inproceedings{zhao2020saan,
  author    = {Zhao, Tian and Zhang, Chao},
  title     = {SAAN: Semantic attention adaptation network for face super-resolution},
  booktitle = {2020 IEEE International Conference on Multimedia and Expo (ICME)},
  year      = {2020},
  publisher = {IEEE},
  pages     = {1--6}
}

@inproceedings{liang2022fake,
  author    = {Liang, Cheng and Zhang, Zheng and Zhou, Xiang and others},
  title     = {One more check: making “fake background” be tracked again},
  booktitle = {Proceedings of the AAAI Conference on Artificial Intelligence},
  year      = {2022},
  volume    = {36},
  number    = {2},
  pages     = {1546--1554}
}

@article{yu2022relationtrack,
  author    = {Yu, Erhuan and Li, Zhiguo and Han, Shan and others},
  title     = {RelationTrack: Relation-aware multiple object tracking with decoupled representation},
  journal   = {IEEE Transactions on Multimedia},
  year      = {2022}
}

@inproceedings{peng2020chained,
  author    = {Peng, Jie and Wang, Chao and Wan, Fang and others},
  title     = {Chained-Tracker: Chaining paired attentive regression results for end-to-end joint multiple-object detection and tracking},
  booktitle = {Computer Vision–ECCV 2020: 16th European Conference},
  year      = {2020},
  publisher = {Springer International Publishing},
  pages     = {145--161}
}

@inproceedings{xu2020deep,
  author    = {Xu, Yihong and Osep, Aljosa and Ban, Yuexin and others},
  title     = {How to train your deep multi-object tracker},
  booktitle = {Proceedings of the IEEE/CVF Conference on Computer Vision and Pattern Recognition},
  year      = {2020},
  pages     = {6787--6796}
}

@inproceedings{pang2021quasidense,
  author    = {Pang, Jiangmiao and Qiu, Luwei and Li, Xia and others},
  title     = {Quasi-dense similarity learning for multiple object tracking},
  booktitle = {Proceedings of the IEEE/CVF Conference on Computer Vision and Pattern Recognition},
  year      = {2021},
  pages     = {164--173}
}

@inproceedings{zhou2020tracking,
  author    = {Zhou, Xingyi and Koltun, Vladlen and Krähenbühl, Philipp},
  title     = {Tracking objects as points},
  booktitle = {European Conference on Computer Vision},
  year      = {2020},
  publisher = {Springer International Publishing},
  pages     = {474--490}
}

@article{zhou2019objects,
  author    = {Zhou, Xingyi and Wang, Dequan and Krähenbühl, Philipp},
  title     = {Objects as points},
  journal   = {arXiv preprint arXiv:1904.07850},
  year      = {2019}
}

@inproceedings{wu2021track,
  author    = {Wu, Jingxin and Cao, Jianfei and Song, Liang and others},
  title     = {Track to detect and segment: An online multi-object tracker},
  booktitle = {Proceedings of the IEEE/CVF Conference on Computer Vision and Pattern Recognition},
  year      = {2021},
  pages     = {12352--12361}
}

@inproceedings{wang2021multiple,
  author    = {Wang, Qiankun and Zheng, Yixiao and Pan, Ping and others},
  title     = {Multiple object tracking with correlation learning},
  booktitle = {Proceedings of the IEEE/CVF Conference on Computer Vision and Pattern Recognition},
  year      = {2021},
  pages     = {3876--3886}
}

@article{sun2020transtrack,
  author    = {Sun, Peng and Cao, Jianfei and Jiang, Yihong and others},
  title     = {Transtrack: Multiple object tracking with transformer},
  journal   = {arXiv preprint arXiv:2012.15460},
  year      = {2020}
}

@inproceedings{vaswani2017attention,
  author    = {Vaswani, Ashish and Shazeer, Noam and Parmar, Niki and others},
  title     = {Attention is all you need},
  booktitle = {Advances in Neural Information Processing Systems},
  year      = {2017},
  volume    = {30}
}

@inproceedings{chu2023transmot,
  author    = {Chu, Ping and Wang, Jiang and You, Qu and others},
  title     = {TransMOT: Spatial-temporal graph transformer for multiple object tracking},
  booktitle = {Proceedings of the IEEE/CVF Winter Conference on Applications of Computer Vision},
  year      = {2023},
  pages     = {4870--4880}
}

@inproceedings{liu1997realtime,
  author    = {Liu, A and Pentland, Alex},
  title     = {Towards real-time recognition of driver intentions},
  booktitle = {Proceedings of Conference on Intelligent Transportation Systems},
  year      = {1997},
  publisher = {IEEE},
  pages     = {236--241}
}

@article{zhang2023highway,
  author    = {张新锋 and 王万宝 and 柳欢 and others},
  title     = {高速动态交通场景下自动驾驶车辆换道意图识别模型研究},
  journal   = {汽车技术},
  year      = {2023},
  number    = {04},
  pages     = {8--15}
}

@article{woo2017lane,
  author    = {Woo, Hyejin and Ji, Yong Hoon and Kono, Hiroshi and others},
  title     = {Lane-change detection based on vehicle-trajectory prediction},
  journal   = {IEEE Robotics and Automation Letters},
  year      = {2017},
  volume    = {2},
  number    = {2},
  pages     = {1109--1116}
}

@article{zhang2018lane,
  author    = {Zhang, Yi and Lin, Qian and Wang, Jian and others},
  title     = {Lane-change intention estimation for car-following control in autonomous driving},
  journal   = {IEEE Transactions on Intelligent Vehicles},
  year      = {2018},
  volume    = {3},
  number    = {3},
  pages     = {276--286}
}

@inproceedings{leonhardt2017feature,
  author    = {Leonhardt, Viktor and Wanielik, Gerd},
  title     = {Feature evaluation for lane change prediction based on driving situation and driver behavior},
  booktitle = {2017 20th International Conference on Information Fusion (Fusion)},
  year      = {2017},
  publisher = {IEEE},
  pages     = {1--7}
}

@article{patel2018predicting,
  author    = {Patel, Sudeep and Griffin, Blake and Kusano, Kodai and others},
  title     = {Predicting future lane changes of other highway vehicles using RNN-based deep models},
  journal   = {arXiv preprint arXiv:1801.04340},
  year      = {2018}
}

@inproceedings{altche2017lstm,
  author    = {Altché, Florent and de La Fortelle, Arnaud},
  title     = {An LSTM network for highway trajectory prediction},
  booktitle = {2017 IEEE 20th international conference on intelligent transportation systems (ITSC)},
  year      = {2017},
  publisher = {IEEE},
  pages     = {353--359}
}

@article{enache2009driver,
  author    = {Enache, Nicolae Mircea and Netto, Marc-Antoine and Mammar, Saïd},
  title     = {Driver steering assistance for lane departure avoidance},
  journal   = {Control Engineering Practice},
  year      = {2009},
  volume    = {17},
  number    = {6},
  pages     = {642--651}
}

@article{cualain2012automotive,
  author    = {Cualain, Darren O and Hughes, Colin and Glavin, Michael and others},
  title     = {Automotive standards-grade lane departure warning system},
  journal   = {Intelligent Transport Systems},
  year      = {2012},
  volume    = {6},
  number    = {1},
  pages     = {44--57}
}

@book{mammar2006time,
  author    = {Mammar, Saïd and Glaser, Sébastien and Netto, Marc-Antoine},
  title     = {Time to line crossing for lane departure avoidance: A theoretical study and an experimental setting},
  publisher = {IEEE Press},
  year      = {2006}
}

@article{chiu1996time,
  author    = {ChiuFeng, L and Ulsoy, A Galip},
  title     = {Time to lane crossing calculation and characterization of its associated uncertainty},
  journal   = {Journal of Intelligent Transportation Systems},
  year      = {1996},
  volume    = {3},
  number    = {2},
  pages     = {85--98}
}

@article{gaikwad2015lane,
  author    = {Gaikwad, Vaibhav and Lokhande, Sunil},
  title     = {Lane Departure Identification for Advanced Driver Assistance},
  journal   = {IEEE Transactions on Intelligent Transportation Systems},
  year      = {2015},
  volume    = {16},
  number    = {2},
  pages     = {910--918}
}

@article{zhou2019objects,
  author    = {Zhou, Xingyi and Wang, Dequan and Krähenbühl, Philipp},
  title     = {Objects as points},
  journal   = {arXiv preprint arXiv:1904.07850},
  year      = {2019}
}

@inproceedings{wu2021track,
  author    = {Wu, Jingxin and Cao, Jianfei and Song, Liang and others},
  title     = {Track to detect and segment: An online multi-object tracker},
  booktitle = {Proceedings of the IEEE/CVF Conference on Computer Vision and Pattern Recognition},
  year      = {2021},
  pages     = {12352--12361}
}

@inproceedings{wang2021multiple,
  author    = {Wang, Qiankun and Zheng, Yixiao and Pan, Ping and others},
  title     = {Multiple object tracking with correlation learning},
  booktitle = {Proceedings of the IEEE/CVF Conference on Computer Vision and Pattern Recognition},
  year      = {2021},
  pages     = {3876--3886}
}

@article{sun2020transtrack,
  author    = {Sun, Peng and Cao, Jianfei and Jiang, Yihong and others},
  title     = {Transtrack: Multiple object tracking with transformer},
  journal   = {arXiv preprint arXiv:2012.15460},
  year      = {2020}
}

@inproceedings{vaswani2017attention,
  author    = {Vaswani, Ashish and Shazeer, Noam and Parmar, Niki and others},
  title     = {Attention is all you need},
  booktitle = {Advances in Neural Information Processing Systems},
  year      = {2017},
  volume    = {30}
}

@inproceedings{chu2023transmot,
  author    = {Chu, Ping and Wang, Jiang and You, Qu and others},
  title     = {TransMOT: Spatial-temporal graph transformer for multiple object tracking},
  booktitle = {Proceedings of the IEEE/CVF Winter Conference on Applications of Computer Vision},
  year      = {2023},
  pages     = {4870--4880}
}

@inproceedings{liu1997realtime,
  author    = {Liu, A and Pentland, Alex},
  title     = {Towards real-time recognition of driver intentions},
  booktitle = {Proceedings of Conference on Intelligent Transportation Systems},
  year      = {1997},
  publisher = {IEEE},
  pages     = {236--241}
}

@article{zhang2023highway,
  author    = {张新锋 and 王万宝 and 柳欢 and others},
  title     = {高速动态交通场景下自动驾驶车辆换道意图识别模型研究},
  journal   = {汽车技术},
  year      = {2023},
  number    = {04},
  pages     = {8--15}
}

@article{woo2017lane,
  author    = {Woo, Hyejin and Ji, Yong Hoon and Kono, Hiroshi and others},
  title     = {Lane-change detection based on vehicle-trajectory prediction},
  journal   = {IEEE Robotics and Automation Letters},
  year      = {2017},
  volume    = {2},
  number    = {2},
  pages     = {1109--1116}
}

@article{zhang2018lane,
  author    = {Zhang, Yi and Lin, Qian and Wang, Jian and others},
  title     = {Lane-change intention estimation for car-following control in autonomous driving},
  journal   = {IEEE Transactions on Intelligent Vehicles},
  year      = {2018},
  volume    = {3},
  number    = {3},
  pages     = {276--286}
}

@inproceedings{leonhardt2017feature,
  author    = {Leonhardt, Viktor and Wanielik, Gerd},
  title     = {Feature evaluation for lane change prediction based on driving situation and driver behavior},
  booktitle = {2017 20th International Conference on Information Fusion (Fusion)},
  year      = {2017},
  publisher = {IEEE},
  pages     = {1--7}
}

@article{patel2018predicting,
  author    = {Patel, Sudeep and Griffin, Blake and Kusano, Kodai and others},
  title     = {Predicting future lane changes of other highway vehicles using RNN-based deep models},
  journal   = {arXiv preprint arXiv:1801.04340},
  year      = {2018}
}

@inproceedings{altche2017lstm,
  author    = {Altché, Florent and de La Fortelle, Arnaud},
  title     = {An LSTM network for highway trajectory prediction},
  booktitle = {2017 IEEE 20th international conference on intelligent transportation systems (ITSC)},
  year      = {2017},
  publisher = {IEEE},
  pages     = {353--359}
}

@article{zhang2016nissan,
  author    = {张宇谆},
  title     = {全新 Nissan Serena“ProPILOT 自驾系统”亮相},
  journal   = {驾驶园},
  year      = {2016},
  number    = {08},
  pages     = {58}
}

@article{wang2020autonomous,
  author    = {王家博 and 高菊玲 and 钟兴},
  title     = {浅析无人驾驶汽车发展现状与问题},
  journal   = {汽车零部件},
  year      = {2020},
  number    = {01},
  pages     = {89--91}
}

@article{enache2009driver,
  author    = {Enache, Nicolae Mircea and Netto, Marc-Antoine and Mammar, Saïd},
  title     = {Driver steering assistance for lane departure avoidance},
  journal   = {Control Engineering Practice},
  year      = {2009},
  volume    = {17},
  number    = {6},
  pages     = {642--651}
}

@article{cualain2012automotive,
  author    = {Cualain, Darren O and Hughes, Colin and Glavin, Michael and others},
  title     = {Automotive standards-grade lane departure warning system},
  journal   = {Intelligent Transport Systems},
  year      = {2012},
  volume    = {6},
  number    = {1},
  pages     = {44--57}
}

@book{mammar2006time,
  author    = {Mammar, Saïd and Glaser, Sébastien and Netto, Marc-Antoine},
  title     = {Time to line crossing for lane departure avoidance: A theoretical study and an experimental setting},
  publisher = {IEEE Press},
  year      = {2006}
}

@article{chiu1996time,
  author    = {ChiuFeng, L and Ulsoy, A Galip},
  title     = {Time to lane crossing calculation and characterization of its associated uncertainty},
  journal   = {Journal of Intelligent Transportation Systems},
  year      = {1996},
  volume    = {3},
  number    = {2},
  pages     = {85--98}
}

@article{gaikwad2015lane,
  author    = {Gaikwad, Vaibhav and Lokhande, Sunil},
  title     = {Lane Departure Identification for Advanced Driver Assistance},
  journal   = {IEEE Transactions on Intelligent Transportation Systems},
  year      = {2015},
  volume    = {16},
  number    = {2},
  pages     = {910--918}
}

@inproceedings{Wojke2017DeepSORT,
  author    = {Nicolai Wojke and Alex Bewley and Dietrich Paulus},
  title     = {Simple Online and Realtime Tracking with a Deep Association Metric},
  booktitle = {Proceedings of the IEEE International Conference on Image Processing (ICIP)},
  year      = {2017},
  pages     = {3645--3649}
}
