@article{cheng2011analysis,
  title={Analysis of driver brake operation in near-crash situation using naturalistic driving data},
  author={Cheng, Bo and Lin, Qingfeng and Song, Tianjia and Cui, Yongwei and Wang, Limian and Kuzumaki, Seigo},
  journal={International Journal of Automotive Engineering},
  volume={2},
  number={4},
  pages={87--94},
  year={2011},
  publisher={Society of Automotive Engineers of Japan, INC}
}
@book{deichmann2023autonomous,
  title={Autonomous driving's future: Convenient and connected},
  author={Deichmann, Johannes},
  year={2023},
  publisher={McKinsey}
}
@inproceedings{zhang2024chatscene,
  title={Chatscene: Knowledge-enabled safety-critical scenario generation for autonomous vehicles},
  author={Zhang, Jiawei and Xu, Chejian and Li, Bo},
  booktitle={Proceedings of the IEEE/CVF Conference on Computer Vision and Pattern Recognition},
  pages={15459--15469},
  year={2024}
}
@article{fitch2012using,
  title={Using naturalistic driving research to design, test and evaluate driver assistance systems},
  author={Fitch, Gregory M and Hanowski, Richard J},
  journal={Handbook of intelligent vehicles},
  pages={559--580},
  year={2012},
  publisher={Springer London}
}
@article{朱西产2019安全切入场景下的驾驶人初始制动时刻分析,
  title={安全切入场景下的驾驶人初始制动时刻分析},
  author={朱西产 and 张佳瑞 and 马志雄},
  journal={中国公路学报},
  volume={32},
  number={6},
  pages={13},
  year={2019},
}
@article{杨敏明2017基于自然驾驶实验的驾驶行为研究,
  title={基于自然驾驶实验的驾驶行为研究},
  author={杨敏明 and 王雪松 and 朱美新},
  journal={交通与运输},
  number={3},
  pages={7--9},
  year={2017}
}
@techreport{neale2002100,
  title={The 100 car naturalistic driving study, Phase I-experimental design},
  author={Neale, VL and Klauer, SG and Knipling, RR and Dingus, TA and Holbrook, GT and Petersen, Andrew},
  year={2002}
}
@techreport{dingus2006100,
  title={The 100-car naturalistic driving study, Phase II-results of the 100-car field experiment},
  author={Dingus, Thomas A and Klauer, Sheila G and Neale, Vicki Lewis and Petersen, Andy and Lee, Suzanne E and Sudweeks, Jeremy and Perez, Miguel A and Hankey, Jonathan and Ramsey, David and Gupta, Santosh and others},
  year={2006},
  institution={United States. Department of Transportation. National Highway Traffic Safety~…}
}
@book{uslu2014underground,
  title={Underground utility locating technology},
  author={Uslu, Berk and Sinha, Sunil K and County, Hillsborough},
  year={2014},
  publisher={IWA Publ.}
}
@techreport{national2008integrated,
  title={Integrated Vehicle-Based Safety Systems (IVBSS) Phase I Interim Report},
  author={National Highway Traffic Safety Administration and others},
  year={2008},
  institution={Technical Report DOT-HS-810-952). Washington, DC: NHTSA, US Department of~…}
}
@techreport{sayer2009integrated,
  title={Integrated Vehicle-Based Safety Systems (IVBSS) light vehicle platform field operational test data analysis plan},
  author={Sayer, James R and LeBlanc, David J and Bogard, Scott E and Blankespoor, Adam D},
  year={2009},
  institution={University of Michigan, Ann Arbor, Transportation Research Institute}
}
@techreport{sayer2011integrated,
  title={Integrated vehicle-based safety systems light-vehicle field operational test key findings report},
  author={Sayer, James R and Bogard, Scott E and Buonarosa, Mary Lynn and LeBlanc, David J and Funkhouser, Dillon S and Bao, Shan and Blankespoor, Adam D and Winkler, Christopher B},
  year={2011},
  institution={University of Michigan, Ann Arbor, Transportation Research Institute}
}
@inproceedings{benmimoun2011incident,
  title={Incident detection based on vehicle CAN-data within the large scale field operational test “euroFOT”},
  author={Benmimoun, Mohamed and Fahrenkrog, Felix and Zlocki, Adrian and Eckstein, Lutz and others},
  booktitle={22nd enhanced safety of vehicles conference (ESV 2011), washington, DC/USA},
  year={2011}
}
@article{benmimoun2014detection,
  title={Detection of critical driving situations for naturalistic driving studies by means of an automated process},
  author={Benmimoun, Mohamed and Eckstein, Lutz},
  journal={Journal of Intelligent Transportation and Urban Planning},
  volume={2},
  number={1},
  pages={11--21},
  year={2014}
}
@article{石娟2017行人自动紧急制动系统测试评价方法研究,
  title={行人自动紧急制动系统测试评价方法研究},
  author={石娟 and 颜燕 and 郭魁元 and 秦孔建},
  journal={时代汽车},
  number={01X},
  pages={39--41},
  year={2017}
}
@techreport{eigen2009problem,
  title={Problem definition for pre-crash sensing advanced restraints.},
  author={Eigen, Ana Maria and Najm, Wassim G and John, A and others},
  year={2009},
  institution={United States. Department of Transportation. National Highway Traffic Safety~…}
}
@techreport{najm2003analysis,
  title={Analysis of light vehicle crashes and pre-crash scenarios based on the 2000 general estimates system},
  author={Najm, Wassim G and Sen, Basav and Smith, John D and Campbell, BN and others},
  year={2003},
  institution={United States. Department of Transportation. National Highway Traffic Safety~…}
}
@techreport{najm2007pre,
  title={Pre-crash scenario typology for crash avoidance research},
  author={Najm, Wassim G and Smith, John D and Yanagisawa, Mikio and John, A and others},
  year={2007},
  institution={United States. Department of Transportation. National Highway Traffic Safety~…}
}
@article{苏江平2017基于中国危险工况的行人交通冲突典型场景提取与分析,
  title={基于中国危险工况的行人交通冲突典型场景提取与分析},
  author={苏江平 and 陈君毅 and 王宏雁 and 陈伟 and 王鲲 and SU and Jiang-ping and CHEN and Jun-yi and WANG},
  journal={交通与运输},
  number={A01},
  pages={6},
  year={2017},
}
@article{孟琳2016真实交通危险工况下驾驶员转向避撞相关因素分析,
  title={真实交通危险工况下驾驶员转向避撞相关因素分析},
  author={孟琳 and 朱西产 and 孙晓宇 and 李霖 and 江丽君},
  journal={汽车技术},
  number={6},
  pages={59--62},
  year={2016}
}
@article{李霖2014驾驶员在真实交通危险工况中的制动反应时间,
  title={驾驶员在真实交通危险工况中的制动反应时间},
  author={李霖 and 朱西产 and 马志雄},
  journal={汽车工程},
  number={10},
  pages={1225-1229},
  year={2014},
}
@article{吴斌2018基于自然驾驶研究的直行追尾危险场景诱导因素分析,
  title={基于自然驾驶研究的直行追尾危险场景诱导因素分析},
  author={吴斌 and 朱西产 and 沈剑平 and 孙晓宇},
  journal={同济大学学报：自然科学版},
  volume={46},
  number={9},
  pages={8},
  year={2018},
}
@article{焦准2006基于证据理论的多传感器信息融合目标识别方法,
  title={基于证据理论的多传感器信息融合目标识别方法},
  author={焦准 and 王伟平 and 张蓉},
  journal={弹箭与制导学报},
  volume={026},
  number={004},
  pages={276-278},
  year={2006},
}
@article{范云锋2019一种基于三次样条曲线的目标航迹拟合与插值方法研究,
  title={一种基于三次样条曲线的目标航迹拟合与插值方法研究},
  author={范云锋 and 刘博 and 郑益凯},
  journal={数字技术与应用},
  volume={37},
  number={3},
  pages={2},
  year={2019},
}
@phdthesis{陈华0面向智能辅助驾驶系统的驾驶员行为分析与建模,
  title={面向智能辅助驾驶系统的驾驶员行为分析与建模},
  author={陈华},
  school={吉林大学},
}
@article{thiemann2008estimating,
  title={Estimating acceleration and lane-changing dynamics from next generation simulation trajectory data},
  author={Thiemann, Christian and Treiber, Martin and Kesting, Arne},
  journal={Transportation Research Record},
  volume={2088},
  number={1},
  pages={90--101},
  year={2008},
  publisher={SAGE Publications Sage CA: Los Angeles, CA}
}
@book{薛薇2009SPSS,
  title={SPSS统计分析方法及应用},
  author={薛薇},
  publisher={SPSS统计分析方法及应用},
  year={2009},
}
@article{杨学兵2007决策树算法及其核心技术,
  title={决策树算法及其核心技术},
  author={杨学兵 and 张俊},
  journal={计算机技术与发展},
  volume={17},
  number={1},
  pages={3},
  year={2007},
}
@article{曾星2018基于深度传感器的坐姿检测系统,
  title={基于深度传感器的坐姿检测系统},
  author={曾星 and 孙备 and 罗武胜 and 刘涛诚 and 鲁琴},
  journal={计算机科学},
  volume={45},
  number={7},
  pages={6},
  year={2018},
}
@article{程娟2019基于梯度提升决策树的高速公路行程时间预测模型,
  title={基于梯度提升决策树的高速公路行程时间预测模型},
  author={程娟 and 陈先华},
  journal={Journal of Southeast University(English Edition)},
  number={3},
  year={2019},
}
@phdthesis{段文强0基于用户行为序列的网络购买行为预测,
  title={基于用户行为序列的网络购买行为预测},
  author={段文强},
  school={江西财经大学},
}
@inproceedings{chen2016xgboost,
  title={Xgboost: A scalable tree boosting system},
  author={Chen, Tianqi and Guestrin, Carlos},
  booktitle={Proceedings of the 22nd acm sigkdd international conference on knowledge discovery and data mining},
  pages={785--794},
  year={2016}
}
@phdthesis{师圣蔓2019基于机器学习的网络流量预测与应用研究,
  title={基于机器学习的网络流量预测与应用研究},
  author={师圣蔓},
  school={北京邮电大学},
  year={2019},
}
@phdthesis{靳小波0基于机器学习算法的文本分类系统,
  title={基于机器学习算法的文本分类系统},
  author={靳小波},
  school={西北工业大学},
}
@article{ke2017lightgbm,
  title={Lightgbm: A highly efficient gradient boosting decision tree},
  author={Ke, Guolin and Meng, Qi and Finley, Thomas and Wang, Taifeng and Chen, Wei and Ma, Weidong and Ye, Qiwei and Liu, Tie-Yan},
  journal={Advances in neural information processing systems},
  volume={30},
  year={2017}
}
@article{刘彧祺2019基于,
  title={基于XGBoost集成的可解释信用评分模型},
  author={刘彧祺 and 张智斌 and 陈昊昱 and 刘杨 and 邵党国 and 熊馨 and 马磊},
  journal={数据通信},
  number={3},
  pages={6},
  year={2019},
}
@inproceedings{zhang2014multi,
  title={A multi-feature fusion based traffic light recognition algorithm for intelligent vehicles},
  author={Zhang, Yue and Xue, Jianru and Zhang, Geng and Zhang, Yingwei and Zheng, Nanning},
  booktitle={Proceedings of the 33rd Chinese control conference},
  pages={4924--4929},
  year={2014},
  organization={IEEE}
}
@article{ma2018data,
  title={Data-driven state-increment statistical model and its application in autonomous driving},
  author={Ma, Chao and Xue, Jianru and Liu, Yuehu and Yang, Jing and Li, Yongqiang and Zheng, Nanning},
  journal={IEEE Transactions on Intelligent Transportation Systems},
  volume={19},
  number={12},
  pages={3872--3882},
  year={2018},
  publisher={IEEE}
}