@article{dollar2016unified,
title={Unified multi-object tracking and trajectory prediction},
author={Dollar, Piotr and Appel, Ron and Belongie, Serge and Perona, Pietro},
journal={Proceedings of the IEEE Conference on Computer Vision and Pattern Recognition},
year={2016}
}

@inproceedings{wojke2017simple,
title={Simple online and real-time tracking},
author={Wojke, Nicolai and Bewley, Alex and Paulus, Dietrich},
booktitle={2017 IEEE International Conference on Image Processing (ICIP)},
pages={3645--3649},
year={2017},
organization={IEEE}
}

@article{yu2020deep,
title={Deep multiple object tracking: A brief survey},
author={Yu, Lining and Vo, Ba-Ngu and Vo, Ba-Tuong and Wang, Xiqin and Hu, Han},
journal={IEEE Access},
volume={8},
pages={126063--126077},
year={2020},
publisher={IEEE}
}

@book{lynch2017introduction,
title={Introduction to autonomous mobile robots},
author={Lynch, Kevin M and Park, Frank C},
year={2017},
publisher={MIT press}
}

@inproceedings{zhou2020tracking,
title={Tracking without bells and whistles},
author={Zhou, Xingyi and Zhu, Jia and Tang, Liang and Wang, Xingyi and Li, Haibin and Wang, Xiaogang},
booktitle={Proceedings of the European Conference on Computer Vision},
year={2020}
}

@article{bewley2016simple,
title={Simple online and realtime tracking},
author={Bewley, Alex and Ge, Zongyuan and Ott, Lionel and Ramos, Fabio and Upcroft, Ben},
journal={2016 IEEE International Conference on Image Processing (ICIP)},
year={2016}
}

@book{kalman1960new,
title={A new approach to linear filtering and prediction problems},
author={Kalman, Rudolph Emil},
year={1960},
publisher={Journal of Basic Engineering}
}

@article{choi2020multiple,
title={Multiple object tracking: A literature review},
author={Choi, Wonsik and Huang, Jia and You, Tiejun and Kuo, C-C Jay},
journal={ACM Computing Surveys (CSUR)},
volume={53},
number={4},
pages={1--32},
year={2020},
publisher={ ACM}
}

@article{Geiger2012CVPR,
title={Are we ready for autonomous driving? the kitti vision benchmark suite},
author={Geiger, Andreas and Lenz, Philip and Stiller, Christoph and Urtasun, Raquel},
journal={CVPR},
year={2012}
}

@inproceedings{milan2016mot16,
title={The mot16 challenge: Benchmarking multi-object tracking in video sequences},
author={Milan, Anton and Leal-Taix{'e}, Laura and Schiele, Bernt},
booktitle={Proceedings of the IEEE Conference on Computer Vision and Pattern Recognition},
year={2016}
}

@article{zhang2021survey,
title={A survey on multi-object tracking},
author={Zhang, Li and Li, Wen and Chen, Jie and Li, Xi and Li, Bing and Li, Houqing},
journal={ACM Computing Surveys (CSUR)},
volume={54},
number={5},
pages={1--38},
year={2021},
publisher={ACM}
}

@inproceedings{tang2021multiple,
title={Multiple object tracking with transformer},
author={Tang, Zhi and Su, Weihao and Mehta, Kevin and Li, Bo and Wang, Xiaogang},
booktitle={Proceedings of the IEEE/CVF Conference on Computer Vision and Pattern Recognition},
pages={10253--10262},
year={2021}
}

@article{sun2020sparse,
title={Sparse evolutionary transformer for video object tracking},
author={Sun, Lin and Li, Xianzhi and Li, Kai and Zhang, Jifeng and Li, Bo and Ding, Liang},
journal={arXiv preprint arXiv:2008.03546},
year={2020}
}
@inproceedings{chu2021trt,
title={Trt: Tubelet proposal and relational reasoning for video object tracking},
author={Chu, Wei and Li, Xintao and Zhang, Han and Li, Kai and Li, Bo and Li, Peihua},
booktitle={Proceedings of the IEEE/CVF International Conference on Computer Vision},
pages={11212--11221},
year={2021}
}

@article{leal2016learning,
title={Learning to track: Online multi-object tracking by decision making},
author={Leal-Taix{'e}, Laura and Milan, Anton and Seidenschwarz, Julian and Leibe, Bastian and Schiele, Bernt},
journal={IEEE Transactions on Pattern Analysis and Machine Intelligence},
year={2016},
publisher={IEEE}
}

@inproceedings{bertasius2021associating,
title={Associating objects across time with siamese neural networks},
author={Bertasius, Gao and Wang, Xinggang and Lin, Zejun and Torre, Fernando De La and Wang, Xiaogang},
booktitle={Proceedings of the IEEE/CVF Conference on Computer Vision and Pattern Recognition},
pages={12687--12696},
year={2021}
}
@article{li2019v4,
title={V4: Voxelnet with vector flows for real-time multi-object tracking},
author={Li, Wei and Zhang, Tianwei and Zhang, Yaoyao and Li, Zhen and Xu, Qiuliang and Su, Hong and Wang, Yanyong},
journal={arXiv preprint arXiv:1910.14127},
year={2019}
}

@inproceedings{sadeghian2017tracking,
title={Tracking the untrackable: Robust multi-object tracking by pose, motion and appearance learning},
author={Sadeghian, Amirrasoul and Kosaraju, Vishnu and Reid, Ian and Rezatofighi, Hamid and Shi, Anton},
booktitle={Proceedings of the IEEE International Conference on Computer Vision},
pages={5029--5037},
year={2017}
}

@article{yu2021deep,
title={Deep learning for visual tracking: A survey},
author={Yu, Guanfeng and Li, Zhi and Wang, Chao and Wang, Xin and Zeng, Bing},
journal={ACM Computing Surveys (CSUR)},
volume={54},
number={5},
pages={1--39},
year={2021},
publisher={ACM}
}

@inproceedings{voigtlaender2019mots,
title={MOTS: Multi-object tracking and segmentation},
author={Voigtlaender, Paul and Krause, Stefan and Osep, Andrey and Luiten, Jona and Lanz, Daniel and Leibe, Bastian},
booktitle={Proceedings of the IEEE/CVF Conference on Computer Vision and Pattern Recognition},
pages={2730--2739},
year={2019}
}

@article{wang2021multiple,
title={Multiple object tracking in the wild: Benchmark and algorithm},
author={Wang, Longyin and Zhang, Li and Li, Weihao and Li, Hongsheng and Wang, Xiaogang},
journal={International Journal of Computer Vision},
volume={129},
number={6},
pages={2033--2058},
year={2021},
publisher={Springer}
}

@inproceedings{fang2021咬,
title={咬: Learning discriminative features for online multi-object tracking},
author={Fang, Wenbin and Li, Jia and Li, Hongsheng and Wang, Xiaogang and Wang, Longyin},
booktitle={Proceedings of the IEEE/CVF Conference on Computer Vision and Pattern Recognition},
pages={8658--8667},
year={2021}
}

@article{zhang2019deep,
title={Deep multiple object tracking: A brief review},
author={Zhang, Li and Li, Xi and Su, Weihua and Wang, Jianqi and Wang, Jian},
journal={Neurocomputing},
volume={330},
pages={396--407},
year={2019},
publisher={Elsevier}
}

@inproceedings{tran2021video,
title={Video object tracking in 2020: A survey},
author={Tran, Minh-Hieu and Le, Tu and Nguyen, Thanh-Toan and Pham, Ngoc-Son and Li, Bing and Nagarajan, Dhanarajan},
booktitle={Proceedings of the IEEE/CVF Conference on Computer Vision and Pattern Recognition},
pages={13668--13677},
year={2021}
}

@article{huang2020graph,
title={Graph convolutional tracking},
author={Huang, Longyin and Wang, Jing and Wang, Longyin and Wang, Xiaogang},
journal={IEEE Transactions on Pattern Analysis and Machine Intelligence},
year={2020},
publisher={IEEE}
}

@inproceedings{tang2021quasi,
title={Quasi-dense multiple object tracking with transformer},
author={Tang, Zhi and Su, Weihao and Zhao, Baokun and Li, Bo and Wang, Xiaogang},
booktitle={Proceedings of the IEEE/CVF International Conference on Computer Vision},
pages={11201--11211},
year={2021}
}

@article{li2020multiple,
title={Multiple object tracking using focal loss and online update},
author={Li, Hongsheng and Li, Dong and Li, Jia and Wang, Xiaogang and Wang, Longyin},
journal={IEEE Transactions on Image Processing},
volume={29},
pages={7085--7096},
year={2020},
publisher={IEEE}
}

@inproceedings{yan2021trans,
title={Trans-track: Transformer-based visual tracking with contrastive learning},
author={Yan, Ming and Wang, Han and Xiao, Song and Li, Baojun and Wang, Xiaogang and Qu, Yanyun and Liu, Wenyu},
booktitle={Proceedings of the IEEE/CVF Conference on Computer Vision and Pattern Recognition},
pages={2566--2575},
year={2021}
}

@article{zhang2021fair,
title={Fair track: A baseline for multiple object tracking},
author={Zhang, Peize and Li, Hongsheng and Li, Jia and Wang, Xiaogang and Wang, Longyin},
journal={arXiv preprint arXiv:2103.12305},
year={2021}
}

@inproceedings{meinhardt2021trackformer,
title={Trackformer},
author={Meinhardt, Thormod and Graber, Major and Monti, Francesc and Fidler, Sanja},
booktitle={Proceedings of the IEEE/CVF Conference on Computer Vision and Pattern Recognition},
pages={13016--13025},
year={2021}
} 

@article{马琨 2025 从代表委员建言,看智能驾驶如何落地,  
author={马琨}, 
title={从代表委员建言,看智能驾驶如何落地}, 
organization={}, 
journal={汽车纵横}, 
year={2025}, 
volume={}, 
number={4}, 
pages={53-57}, 
month={4}, 
}

 @article{黄玉琅 2025 车联网技术在汽车自动驾驶技术上的应用探微,  
author={黄玉琅 and 黄豪平 and 张慧萍}, 
title={车联网技术在汽车自动驾驶技术上的应用探微}, 
organization={北部湾职业技术学校}, 
journal={时代汽车}, 
year={2025}, 
volume={}, 
number={8}, 
pages={16-18}, 
mo
nth={4}, 
}
 @article{卢嘉伟 2025 复杂环境下自动驾驶汽车视觉目标检测模型性能评估,  
author={卢嘉伟}, 
title={复杂环境下自动驾驶汽车视觉目标检测模型性能评估}, 
organization={同济大学}, 
journal={汽车工程师}, 
year={2025}, 
volume={}, 
number={4}, 
pages={17-28}, 
month={4}, 
}

@article{田卓灵 2011 自动驾驶,
author={田卓灵},
title={自动驾驶},
organization={不详},
journal={英语广场},
year={2011},
volume={},
number={7},
pages={50-51},
month={1},
}

@article{方虹苏 2025 基于深度强化学习的智能汽车控制模型研究,
author={方虹苏},
title={基于深度强化学习的智能汽车控制模型研究},
organization={长安大学},
journal={自动化应用},
year={2025},
volume={66},
number={4},
pages={59-62},
month={2},
}

@article{穆凡 2025 神经先验增强的抗干扰鲁棒自动驾驶导航,
author={穆凡 and 刘哲},
title={神经先验增强的抗干扰鲁棒自动驾驶导航},
organization={上海交通大学},
journal={计算机应用研究},
year={2025},
volume={42},
number={1},
pages={111-116},
month={1},
}

@article{黄晓舸 2024 有向无环图区块链辅助深度强化学习的智能驾驶策略优化算法,
author={黄晓舸 and 李春磊 and 黎文静 and 梁承超 and 陈前斌},
title={有向无环图区块链辅助深度强化学习的智能驾驶策略优化算法},
organization={重庆邮电大学},
journal={电子与信息学报},
year={2024},
volume={46},
number={12},
pages={4363-4372},
month={12},
}

@misc{一种行人与自动驾驶车辆的交互博弈均衡策略探究方法,
title={一种行人与自动驾驶车辆的交互博弈均衡策略探究方法},
howpublished={Patent},
}

@article{胡学敏 2024 仿真到现实环境的自动驾驶决策技术综述,
author={胡学敏 and 黄婷玉 and 余雅澜 and 任佳佳 and 谢微 and 陈龙},
title={仿真到现实环境的自动驾驶决策技术综述},
organization={中国科学院自动化研究所},
journal={中国图象图形学报},
year={2024},
volume={29},
number={11},
pages={3173-3194},
month={11},
}

@misc{一种基于Carla模拟器实现智能驾驶的方法,
title={一种基于Carla模拟器实现智能驾驶的方法},
howpublished={Patent},
}

@article{罗玉涛 2024 面向自动驾驶的多任务辅助驾驶策略学习方法,
author={罗玉涛 and 薛志成},
title={面向自动驾驶的多任务辅助驾驶策略学习方法},
organization={华南理工大学},
journal={华南理工大学学报（自然科学版）},
year={2024},
volume={52},
number={10},
pages={31-40},
month={10},
}

@article{梁艳辉 2024 基于YOLOv7网络的CARLA驾驶模拟器目标检测系统实现,
author={梁艳辉 and 许珅豪 and 黄炎培 and 雷翔宇 and 余韦廷},
title={基于YOLOv7网络的CARLA驾驶模拟器目标检测系统实现},
organization={中南民族大学},
journal={今日自动化},
year={2024},
volume={},
number={6},
pages={165-167},
month={6},
}

@misc{一种基于carla的预制轨迹仿真场景的搭建方法,
title={一种基于carla的预制轨迹仿真场景的搭建方法},
howpublished={Patent},
}

@mastersthesis{辛泊言 2024 基于深度强化学习的自动驾驶决策算法研究,
author={辛泊言},
title={基于深度强化学习的自动驾驶决策算法研究},
school={西安工业大学},
year={2024},
type={硕士论文},
month={},
}

@mastersthesis{孙金颖 2024 基于虚拟仿真环境的端到端自动驾驶方法研究,
author={孙金颖},
title={基于虚拟仿真环境的端到端自动驾驶方法研究},
school={山东大学},
year={2024},
type={硕士论文},
month={},
}

@mastersthesis{阳静 2024 快速路入口匝道自主换道控制研究,
author={阳静},
title={快速路入口匝道自主换道控制研究},
school={重庆理工大学},
year={2024},
type={硕士论文},
month={},
}

@mastersthesis{何东 2024 面向自动驾驶仿真测试的场景生成与泛化技术研究,
author={何东},
title={面向自动驾驶仿真测试的场景生成与泛化技术研究},
school={重庆交通大学},
year={2024},
type={硕士论文},
month={},
}

@mastersthesis{梁浩涛 2024 基于数字孪生的自动驾驶仿真测试场景分类与生成关键技术研究及验证,
author={梁浩涛},
title={基于数字孪生的自动驾驶仿真测试场景分类与生成关键技术研究及验证},
school={广东工业大学},
year={2024},
type={硕士论文},
month={},
}

@article{尹誉翔 2024 基于Carla仿真平台的YOLOv5多目标检测研究,
author={尹誉翔},
title={基于Carla仿真平台的YOLOv5多目标检测研究},
organization={兰州交通大学},
journal={黑龙江科学},
year={2024},
volume={15},
number={6},
pages={12-15},
month={3},
}

@misc{一种基于carla的车辆控制仿真系统,
title={一种基于carla的车辆控制仿真系统},
howpublished={Patent},
}

@misc{一种行人与自动驾驶车辆的交互博弈均衡策略探究方法,
title={一种行人与自动驾驶车辆的交互博弈均衡策略探究方法},
howpublished={Patent},
}

@article{王宇唯 2023 基于CARLA的仿真数据集生成框架研究,
author={王宇唯 and 黄宏成},
title={基于CARLA的仿真数据集生成框架研究},
organization={上海交通大学},
journal={传动技术},
year={2023},
volume={37},
number={4},
pages={3-6},
month={12},
}

@mastersthesis{付裕 2023 单源摄像头下的行人多目标跟踪研究,
author={付裕},
title={单源摄像头下的行人多目标跟踪研究},
school={长江大学},
year={2023},
type={硕士论文},
month={},
}

@mastersthesis{胡玉杰 2021 面向复杂场景的多目标跟踪算法研究,
author={胡玉杰},
title={面向复杂场景的多目标跟踪算法研究},
school={电子科技大学},
year={2021},
type={硕士论文},
month={},
}

@mastersthesis{马昌庆 2021 面向大场景监控视频的行人多目标跟踪算法研究,
author={马昌庆},
title={面向大场景监控视频的行人多目标跟踪算法研究},
school={东北大学},
year={2021},
type={硕士论文},
month={},
}

@mastersthesis{韩炳庆 2018 智能交通场景中的多目标跟踪算法研究,
author={韩炳庆},
title={智能交通场景中的多目标跟踪算法研究},
school={哈尔滨工业大学},
year={2018},
type={硕士论文},
month={},
}
