@inproceedings{abeysirigoonawardena2019adversarial,
	author    = {Yasasa Abeysirigoonawardena and Florian Shkurti and Gregory Dudek},
	title     = {Generating Adversarial Driving Scenarios in High Fidelity Simulators},
	booktitle = {2019 International Conference on Robotics and Automation (ICRA)},
	pages     = {8271--8277},
	year      = {2019},
	publisher = {IEEE}
}

@inproceedings{bagschik2018ontology,
	author    = {Gerrit Bagschik and Till Menzel and Markus Maurer},
	title     = {Ontology Based Scene Creation for the Development of Automated Vehicles},
	booktitle = {2018 IEEE Intelligent Vehicles Symposium (IV)},
	pages     = {1813--1820},
	year      = {2018},
	publisher = {IEEE}
}

@inproceedings{biggio2013evasion,
	author    = {Battista Biggio and Igino Corona and Davide Maiorca and Blaine Nelson and Nedim Srndi{\'c} and Pavel Laskov and Giorgio Giacinto and Fabio Roli},
	title     = {Evasion Attacks against Machine Learning at Test Time},
	booktitle = {Joint European Conference on Machine Learning and Knowledge Discovery in Databases},
	pages     = {387--402},
	year      = {2013},
	publisher = {Springer}
}

@article{brown2020language,
	title     = {Language Models are Few-Shot Learners},
	author    = {Tom Brown and Benjamin Mann and Nick Ryder and Melanie Subbiah and Jared D. Kaplan and Prafulla Dhariwal and Arvind Neelakantan and Pranav Shyam and Girish Sastry and Amanda Askell and others},
	journal   = {Advances in Neural Information Processing Systems},
	volume    = {33},
	pages     = {1877--1901},
	year      = {2020}
}

@inproceedings{cai2020summit,
	title     = {SUMMIT: A Simulator for Urban Driving in Massive Mixed Traffic},
	author    = {Panpan Cai and Yiyuan Lee and Yuanfu Luo and David Hsu},
	booktitle = {2020 IEEE International Conference on Robotics and Automation (ICRA)},
	pages     = {4023--4029},
	year      = {2020},
	publisher = {IEEE}
}

@inproceedings{cao2019adversarial,
	title     = {Adversarial Sensor Attack on LiDAR-based Perception in Autonomous Driving},
	author    = {Yulong Cao and Chaowei Xiao and Benjamin Cyr and Yimeng Zhou and Won Park and Sara Rampazzi and Qi Alfred Chen and Kevin Fu and Z. Morley Mao},
	booktitle = {Proceedings of the 2019 ACM SIGSAC Conference on Computer and Communications Security},
	pages     = {2267--2281},
	year      = {2019}
}

@misc{carla2019challenge,
	title     = {CARLA Autonomous Driving Challenge},
	author    = {{CARLA}},
	year      = {2019}
}

@article{chen2021adversarial,
	title   = {Adversarial Evaluation of Autonomous Vehicles in Lane-Change Scenarios},
	author  = {Baiming Chen and Xiang Chen and Qiong Wu and Liang Li},
	journal = {IEEE Transactions on Intelligent Transportation Systems},
	volume  = {23},
	number  = {8},
	pages   = {10333--10342},
	year    = {2021}
}

@article{chowdhery2022palm,
	author = {Aakanksha Chowdhery and Sharan Narang and Jacob Devlin and Maarten Bosma and Gaurav Mishra and Adam Roberts and Paul Barham and Hyung Won Chung and Charles Sutton and Sebastian Gehrmann and others},
	title = {Palm: Scaling language modeling with pathways},
	journal = {arXiv preprint arXiv:2204.02311},
	year = {2022}
}

@misc{scenario_runner_contributors2019carla,
	author = {Scenario Runner Contributors},
	title = {Carla Scenario Runner},
	year = {2019},
	month = {6},
	url = {https://github.com/carla-simulator/scenario_runner}
}

@article{cui2023chatlaw,
	author = {Jiaxi Cui and Zongjian Li and Yang Yan and Bohua Chen and Li Yuan},
	title = {Chatlaw: Open-source legal large language model with integrated external knowledge bases},
	year = {2023},
	journal = {arXiv preprint arXiv:2306.16092}

}

@article{devlin2018bert,
	author = {Jacob Devlin and Ming-Wei Chang and Kenton Lee and Kristina Toutanova},
	title = {BERT: Pre-training of Deep Bidirectional Transformers for Language Understanding},
	year = {2018},
	journal = {arXiv preprint arXiv:1810.04805}
}

@inproceedings{ding2020learning,
	author = {Wenhao Ding and Baiming Chen and Minjun Xu and Ding Zhao},
	title = {Learning to Collide: An Adaptive Safety-Critical Scenarios Generating Method},
	booktitle = {2020 IEEE/RSJ International Conference on Intelligent Robots and Systems (IROS)},
	pages = {2243--2250},
	year = {2020},
	publisher = {IEEE}
}

@inproceedings{dosovitskiy2017carla,
	author = {Alexey Dosovitskiy and German Ros and Felipe Codevilla and Antonio Lopez and Vladlen Koltun},
	title = {CARLA: An Open Urban Driving Simulator},
	booktitle = {Conference on Robot Learning},
	pages = {1--16},
	year = {2017},
	publisher = {PMLR}
}

@article{erickson2017machine,
	author = {Bradley J Erickson and Panagiotis Korfiatis and Zeynettin Akkus and Timothy L Kline},
	title = {Machine learning for medical imaging},
	journal = {Radiographics},
	volume = {37},
	number = {2},
	pages = {505},
	year = {2017}
}

@inproceedings{eykholt2018robust,
	author = {Kevin Eykholt and Ivan Evtimov and Earlence Fernandes and Bo Li and Amir Rahmati and Chaowei Xiao and Atul Prakash and Tadayoshi Kohno and Dawn Song},
	title = {Robust physical-world attacks on deep learning visual classification},
	booktitle = {Proceedings of the IEEE Conference on Computer Vision and Pattern Recognition},
	pages = {1625--1634},
	year = {2018}
}

@article{feng2021intelligent,
	author = {Shuo Feng and Xintao Yan and Haowei Sun and Yiheng Feng and Henry X Liu},
	title = {Intelligent driving intelligence test for autonomous vehicles with naturalistic and adversarial environment},
	journal = {Nature Communications},
	volume = {12},
	number = {1},
	pages = {748},
	year = {2021}
}

@inproceedings{fremont2019scenic,
	author = {Daniel J Fremont and Tommaso Dreossi and Shromona Ghosh and Xiangyu Yue and Alberto L Sangiovanni-Vincentelli and Sanjit A Seshia},
	title = {Scenic: A language for scenario specification and scene generation},
	booktitle = {Proceedings of the 40th ACM SIGPLAN Conference on Programming Language Design and Implementation},
	pages = {63--78},
	year = {2019}
}

@article{fremont2022scenic,
	author = {Daniel J Fremont and Edward Kim and Tommaso Dreossi and Shromona Ghosh and Xiangyu Yue and Alberto L Sangiovanni-Vincentelli and Sanjit A Seshia},
	title = {Scenic: A language for scenario specification and data generation},
	journal = {Machine Learning},
	pages = {1--45},
	year = {2022}
}

@article{fu2023drive,
	author = {Daocheng Fu and Xin Li and Licheng Wen and Min Dou and Pinlong Cai and Botian Shi and Yu Qiao},
	title = {Drive like a human: Rethinking autonomous driving with large language models},
	journal = {arXiv preprint arXiv:2307.07162},
	year = {2023}
}

@inproceedings{fujimoto2018addressing,
	author = {Scott Fujimoto and Herke van Hoof and David Meger},
	title = {Addressing function approximation error in actor-critic methods},
	booktitle = {Proceedings of the 35th International Conference on Machine Learning},
	pages = {1587--1596},
	year = {2018},
	publisher = {PMLR}
}

@inproceedings{haarnoja2018soft,
	author = {Tuomas Haarnoja and Aurick Zhou and Pieter Abbeel and Sergey Levine},
	title = {Soft actor-critic: Off-policy maximum entropy deep reinforcement learning with a stochastic actor},
	booktitle = {Proceedings of the 35th International Conference on Machine Learning},
	pages = {1861--1870},
	year = {2018},
	publisher = {PMLR}
}

@inproceedings{he2016deep,
	author = {Kaiming He and Xiangyu Zhang and Shaoqing Ren and Jian Sun},
	title = {Deep residual learning for image recognition},
	booktitle = {Proceedings of the IEEE Conference on Computer Vision and Pattern Recognition},
	pages = {770--778},
	year = {2016}
}

@article{johnson2019billion,
	author = {Jeff Johnson and Matthijs Douze and Hervé Jégou},
	title = {Billion-scale similarity search with GPUs},
	journal = {IEEE Transactions on Big Data},
	volume = {7},
	number = {3},
	pages = {535--547},
	year = {2019}
}

@article{kasneci2023chatgpt,
	author = {Enkelejda Kasneci and Kathrin Seßler and Stefan Küchemann and Maria Bannert and Daryna Dementieva and Frank Fischer and Urs Gasser and Georg Groh and Stephan Günnemann and Eyke Hüllermeier and et al.},
	title = {ChatGPT for good? On opportunities and challenges of large language models for education},
	journal = {Learning and Individual Differences},
	volume = {103},
	pages = {102274},
	year = {2023}
}

@inproceedings{klischat2020scenario,
	author = {Moritz Klischat and Edmond Irani Liu and Fabian Holtke and Matthias Althoff},
	title = {Scenario Factory: Creating Safety-Critical Traffic Scenarios for Automated Vehicles},
	booktitle = {2020 IEEE 23rd International Conference on Intelligent Transportation Systems (ITSC)},
	pages = {1--7},
	year = {2020},
	publisher = {IEEE}
}

@inproceedings{kong2020physgan,
	author = {Zelun Kong and Junfeng Guo and Ang Li and Cong Liu},
	title = {PhysGAN: Generating Physical-World-Resilient Adversarial Examples for Autonomous Driving},
	booktitle = {Proceedings of the IEEE/CVF Conference on Computer Vision and Pattern Recognition},
	pages = {14254--14263},
	year = {2020},
	publisher = {IEEE}
}

@inproceedings{lee2015adaptive,
	author = {Ritchie Lee and Mykel J Kochenderfer and Ole J Mengshoel and Guillaume P Brat and Michael P Owen},
	title = {Adaptive Stress Testing of Airborne Collision Avoidance Systems},
	booktitle = {2015 IEEE/AIAA 34th Digital Avionics Systems Conference (DASC)},
	pages = {6C2--1},
	year = {2015},
	publisher = {IEEE}
}

@techreport{najm2007precrash,
	author = {Wassim G Najm and John D Smith and Mikio Yanagisawa and others},
	title = {Pre-crash Scenario Typology for Crash Avoidance Research},
	institution = {United States. National Highway Traffic Safety Administration},
	year = {2007}
}
@inproceedings{ni2022sentence,
	author = {Jianmo Ni and Gustavo Hernandez Abrego and Noah Constant and Ji Ma and Keith Hall and Daniel Cer and Yinfei Yang},
	title = {Sentence T5: Scalable Sentence Encoders from Pre-trained Text-to-Text Models},
	booktitle = {Findings of the Association for Computational Linguistics: ACL 2022},
	pages = {1864--1874},
	year = {2022}
}

@inproceedings{nijkamp2022codegen,
	author = {Erik Nijkamp and Bo Pang and Hiroaki Hayashi and Lifu Tu and Huan Wang and Yingbo Zhou and Silvio Savarese and Caiming Xiong},
	title = {Codegen: An Open Large Language Model for Code with Multi-turn Program Synthesis},
	booktitle = {The Eleventh International Conference on Learning Representations},
	year = {2022}
}

@inproceedings{prakash2019structured,
	author = {Aayush Prakash and Shaad Boochoon and Mark Brophy and David Acuna and Eric Cameracci and Gavriel State and Omer Shapira and Stan Birchfield},
	title = {Structured Domain Randomization: Bridging the Reality Gap by Context-Aware Synthetic Data},
	booktitle = {2019 International Conference on Robotics and Automation (ICRA)},
	pages = {7249--7255},
	year = {2019},
	publisher = {IEEE}
}
@inproceedings{rempe2022generating,
	author = {Davis Rempe and Jonah Philion and Leonidas J Guibas and Sanja Fidler and Or Litany},
	title = {Generating Useful Accident-Prone Driving Scenarios via a Learned Traffic Prior},
	booktitle = {Proceedings of the IEEE/CVF Conference on Computer Vision and Pattern Recognition},
	pages = {17305--17315},
	year = {2022}
}

@inproceedings{rocklage2017automated,
	author = {Elias Rocklage and Heiko Kraft and Abdullah Karatas and Jörg Seewig},
	title = {Automated Scenario Generation for Regression Testing of Autonomous Vehicles},
	booktitle = {2017 IEEE 20th International Conference on Intelligent Transportation Systems (ITSC)},
	pages = {476--483},
	year = {2017}
}

@article{scanlon2021waymo,
	author = {John M. Scanlon and Kristofer D. Kusano and Tom Daniel and Christopher Alderson and Alexander Ogle and Trent Victor},
	title = {Waymo Simulated Driving Behavior in Reconstructed Fatal Crashes within an Autonomous Vehicle Operating Domain},
	journal = {Accident Analysis \& Prevention},
	volume = {163},
	pages = {106454},
	year = {2021}
}

@article{schulman2017proximal,
	author = {John Schulman and Filip Wolski and Prafulla Dhariwal and Alec Radford and Oleg Klimov},
	title = {Proximal Policy Optimization Algorithms},
	journal = {arXiv preprint arXiv:1707.06347},
	year = {2017}
}

@article{singhal2022large,
	author = {Karan Singhal and Shekoofeh Azizi and Tao Tu and S Sara Mahdavi and Jason Wei and Hyung Won Chung and Nathan Scales and Ajay Tanwani and Heather Cole-Lewis and Stephen Pfohl and others},
	title = {Large Language Models Encode Clinical Knowledge},
	journal = {arXiv preprint arXiv:2212.13138},
	year = {2022}
}

@inproceedings{szegedy2014intriguing,
	author = {Christian Szegedy and Wojciech Zaremba and Ilya Sutskever and Joan Bruna and Dumitru Erhan and Ian Goodfellow and Rob Fergus},
	title = {Intriguing Properties of Neural Networks},
	booktitle = {2nd International Conference on Learning Representations, ICLR 2014},
	year = {2014}
}

@inproceedings{tan2023language,
	author = {Shuhan Tan and Boris Ivanovic and Xinshuo Weng and Marco Pavone and Philipp Kraehenbuehl},
	title = {Language Conditioned Traffic Generation},
	booktitle = {Conference on Robot Learning},
	pages = {2714--2752},
	year = {2023},
	publisher = {PMLR}
}

@article{touvron2023llama,
	author = {Hugo Touvron and Thibaut Lavril and Gautier Izacard and Xavier Martinet and Marie-Anne Lachaux and Timothée Lacroix and Baptiste Rozière and Naman Goyal and Eric Hambro and Faisal Azhar and et al.},
	title = {Llama: Open and Efficient Foundation Language Models},
	journal = {arXiv preprint arXiv:2302.13971},
	year = {2023}
}

@inproceedings{vanderMade2015automated,
	author = {Robin van der Made and Martijn Tideman and Ulrich Lages and Roman Katz and Martin Spencer},
	title = {Automated generation of virtual driving scenarios from test drive data},
	booktitle = {24th International Technical Conference on the Enhanced Safety of Vehicles (ESV) National Highway Traffic Safety Administration},
	year = {2015},
	number = {15-0268}
}

@inproceedings{Wachi2019failure,
	author = {Akifumi Wachi},
	title = {Failure-scenario maker for rule-based agent using multi-agent adversarial reinforcement learning and its application to autonomous driving},
	booktitle = {International Joint Conference on Artificial Intelligence},
	year = {2019}
}

@inproceedings{Wang2021advSim,
	author = {Jingkang Wang and Ava Pun and James Tu and Sivabalan Manivasagam and Abbas Sadat and Sergio Casas and Mengye Ren and Raquel Urtasun},
	title = {AdvSim: Generating safety-critical scenarios for self-driving vehicles},
	booktitle = {Proceedings of the IEEE/CVF Conference on Computer Vision and Pattern Recognition},
	pages = {9909--9918},
	year = {2021}
}

@article{Wu2023Bloomberggpt,
	author = {Shijie Wu and Ozan Irsoy and Steven Lu and Vadim Dabravolski and Mark Dredze and Sebastian Gehrmann and Prabhanjan Kambadur and David Rosenberg and Gideon Mann},
	title = {BloombergGPT: A large language model for finance},
	journal = {arXiv preprint arXiv:2303.17564},
	year = {2023}
}

@inproceedings{Xu2022Safebench,
	author = {Chejian Xu and Wenhao Ding and Weijie Lyu and Zuxin Liu and Shuai Wang and Yihan He and Hanjiang Hu and Ding Zhao and Bo Li},
	title = {Safebench: A benchmarking platform for safety evaluation of autonomous vehicles},
	booktitle = {Advances in Neural Information Processing Systems},
	volume = {35},
	pages = {25667--25682},
	year = {2022}
}

@article{Xu2023DriveGPT4,
	author = {Zhenhua Xu and Yujia Zhang and Enze Xie and Zhen Zhao and Yong Guo and Kenneth KY Wong and Zhenguo Li and Hengshuang Zhao},
	title = {DriveGPT4: Interpretable end-to-end autonomous driving via large language model},
	journal = {arXiv preprint arXiv:2310.01412},
	year = {2023}
}

@inproceedings{Yang2020SurfelGAN,
	author = {Zhenpei Yang and Yuning Chai and Dragomir Anguelov and Yin Zhou and Pei Sun and Dumitru Erhan and Sean Rafferty and Henrik Kretzschmar},
	title = {SurfelGAN: Synthesizing realistic sensor data for autonomous driving},
	booktitle = {Proceedings of the IEEE/CVF Conference on Computer Vision and Pattern Recognition},
	pages = {11118--11127},
	year = {2020}
}

@inproceedings{Yao2022React,
	author = {Shunyu Yao and Jeffrey Zhao and Dian Yu and Nan Du and Izhak Shafran and Karthik R Narasimhan and Yuan Cao},
	title = {React: Synergizing reasoning and acting in language models},
	booktitle = {The Eleventh International Conference on Learning Representations},
	year = {2022}
}

@inproceedings{Zhang2023CAT,
	author = {Linrui Zhang and Zhenghao Peng and Quanyi Li and Bolei Zhou},
	title = {CAT: Closed-loop adversarial training for safe end-to-end driving},
	booktitle = {Conference on Robot Learning},
	pages = {2357--2372},
	year = {2023}
}

@article{Zhang2022AdversarialRobustness,
	author = {Qingzhao Zhang and Shengtuo Hu and Jiachen Sun and Qi Alfred Chen and Z Morley Mao},
	title = {On adversarial robustness of trajectory prediction for autonomous vehicles},
	journal = {arXiv preprint arXiv:2201.05057},
	year = {2022}
}

@article{Zheng2023JudgingLLM,
	author = {Lianmin Zheng and Wei-Lin Chiang and Ying Sheng and Siyuan Zhuang and Zhanghao Wu and Yonghao Zhuang and Zi Lin and Zhuohan Li and Dacheng Li and Eric Xing and others},
	title = {Judging LLM-as-a-judge with MT-Bench and Chatbot Arena},
	journal = {arXiv preprint arXiv:2306.05685},
	year = {2023}
}

@article{zhong2023language,
	author    = {Ziyuan Zhong and Davis Rempe and Yuxiao Chen and Boris Ivanovic and Yulong Cao and Danfei Xu and Marco Pavone and Baishakhi Ray},
	title     = {Language-guided traffic simulation via scene-level diffusion},
	journal   = {arXiv preprint arXiv:2306.06344},
	year      = {2023}
}

@article{zhao2025key,
	author    = {赵祥模 and 童星 and 穆柯楠 and 等},
	title     = {面向自动驾驶汽车测试需求的关键场景要素提取方法},
	journal   = {中国公路学报},
	pages     = {1--15},
	year      = {2025},
	note      = {可在以下网址访问: \url{http://kns.cnki.net/kcms/detail/61.1313.U.20250418.1427.006.html}},
}

@article{du2025scene,
	author    = {杜德慧 and 叶振 and 郑成行 and 等},
	title     = {面向自动驾驶系统的场景建模及边缘关键场景生成},
	journal   = {软件学报},
	pages     = {1--19},
	year      = {2025},
	note      = {DOI: \url{https://doi.org/10.13328/j.cnki.jos.007348}},
}

@article{peng2025data,
	author    = {彭海洋 and 计卫星 and 刘法旺},
	title     = {基于多节点仿真的自动驾驶场景数据保护方法},
	journal   = {汽车工程学报},
	pages     = {1--12},
	year      = {2025},
	note      = {链接: \url{http://kns.cnki.net/kcms/detail/50.1206.U.20250402.1146.002.html}},
}

@article{fang2025yolo,
	author    = {方虹苏 and 常城 and 石鑫雨 and 等},
	title     = {自动驾驶场景中YOLO目标检测算法的应用研究},
	journal   = {汽车实用技术},
	volume    = {50},
	number    = {06},
	pages     = {65--74},
	year      = {2025}

}

@article{wu2025taxi,
	author    = {伍毅平 and 张鸿鹏 and 陈家源 and 等},
	title     = {考虑场景与驾驶风格差异的出租车驾驶人驾驶行为特性分析},
	journal   = {武汉理工大学学报(交通科学与工程版)},
	pages     = {1--7},
	year      = {2025},
	url       = {http://kns.cnki.net/kcms/detail/42.1824.U.20250319.1733.016.html},
}

@article{song2025lanechange,
	author    = {宋华 and 吴贤静 and 吴琼 and 等},
	title     = {基于自然驾驶数据构建仿真测试变道切入场景库的方法},
	journal   = {汽车工程学报},
	pages     = {1--12},
	year      = {2025},
	url       = {http://kns.cnki.net/kcms/detail/50.1206.u.20250228.1707.002.html},
}

@article{wang2025drivingbehavior,
	author    = {王润民 and 何佳浚 and 冯皓},
	title     = {跟随自动驾驶汽车行驶场景下的驾驶人行为分析与建模},
	journal   = {计算机工程与应用},
	pages     = {1--12},
	year      = {2025},
	url       = {http://kns.cnki.net/kcms/detail/11.2127.TP.20250225.0933.002.html},
}

@article{lv2025neuralrendering,
	author    = {吕叶祥子 and 蒋渊德 and 宋家乐 and 等},
	title     = {基于神经渲染的自动驾驶场景解耦表征与感知数据生成},
	journal   = {汽车工程学报},
	pages     = {1--13},
	year      = {2025},
	url       = {http://kns.cnki.net/kcms/detail/50.1206.U.20250219.1136.004.html},
}

@article{wu2025complexscenes,
	author    = {武彪 and 任洪泽 and 郑联庆 and 等},
	title     = {基于自然驾驶行为的智能驾驶复杂场景构建方法},
	journal   = {华南理工大学学报(自然科学版)},
	volume    = {53},
	number    = {02},
	pages     = {38--47},
	year      = {2025},
}

@article{gu2025reinforcementlearning,
	author    = {顾同成 and 徐东伟 and 孙成巨},
	title     = {无人驾驶深度强化学习决策模型性能评测方法综述},
	journal   = {计算机工程与应用},
	pages     = {1--42},
	year      = {2025},
	note      = {在线发表},
	url       = {http://kns.cnki.net/kcms/detail/11.2127.TP.20250414.1614.026.html}
}

@article{zhu2024tsgan,
	author    = {朱宇 and 徐志刚 and 赵祥模 and 等},
	title     = {基于TsGAN的自动驾驶汽车高速公路变道切入测试场景自动生成算法},
	journal   = {华南理工大学学报(自然科学版)},
	volume    = {52},
	number    = {08},
	pages     = {76--88},
	year      = {2024}
}

